%% This BibTeX bibliography file was created using BibDesk.
%% http://bibdesk.sourceforge.net/

%% Created for Yvan Putra Satyawan at 2019-06-26 23:26:29 +0200 


%% Saved with string encoding Unicode (UTF-8) 



@article{walknet,
	Author = {Andrew Abbott and Alex Deshowitz and Dennis Murray and Eric C. Larson},
	Date-Added = {2019-06-26 23:00:00 +0200},
	Date-Modified = {2019-06-26 23:01:01 +0200},
	Journal = {SMU Data Science Review},
	Number = {1},
	Title = {WalkNet: A Deep Learning Approach to Improving Sidewalk Quality and Accessibility},
	Volume = {1},
	Year = {2018}}

@inproceedings{eckhorncat,
	Author = {Reinhard Eckhorn AND Herbert J. Reitboeck AND Martin Arndt AND Peter Dicke},
	Booktitle = {International 1989 Joint Conference on Neural Networks},
	Date-Added = {2019-06-26 22:18:49 +0200},
	Date-Modified = {2019-06-26 22:22:25 +0200},
	Publisher = {IEEE},
	Title = {Feature Linking via Stimulus - Evoked Oscillations: Experimental Results from Cat Visual Cortex and Functional Implications from a Network Model},
	Year = {1989}}

@inproceedings{obelix-slam,
	Author = {Rainer K{\"u}mmerle AND Michael Ruhnke AND Bastian Steder AND Cyrill Stachniss AND Wolfram Burgard},
	Booktitle = {2013 IEEE International Conference on Robotics and Automation},
	Date-Added = {2019-06-26 21:54:33 +0200},
	Date-Modified = {2019-06-26 22:22:36 +0200},
	Month = {May},
	Publisher = {IEEE},
	Title = {A Navigation System for Robots Operating in Crowded Environments},
	Url = {https://ieeexplore.ieee.org/abstract/document/6631026},
	Year = {2013},
	Bdsk-Url-1 = {https://ieeexplore.ieee.org/abstract/document/6631026}}

@misc{europa,
	Date-Added = {2019-06-26 21:47:57 +0200},
	Date-Modified = {2019-06-26 23:26:29 +0200},
	Month = {http://europa.informatik.uni-freiburg.de},
	Title = {The European pedestrian assistant},
	Urldate = {2009},
	Year = {2009},
	Bdsk-Url-1 = {http://europa.informatik.uni-freiburg.de}}

@article{kingma2014adam,
	Author = {Kingma, Diederik and Ba, Jimmy},
	Journal = {arXiv preprint arXiv:1412.6980},
	Title = {Adam: A method for stochastic optimization},
	Year = {2014}}

@inproceedings{fcn,
	Author = {Long, Jonathan and Shelhamer, Evan and Darrell, Trevor},
	Booktitle = {The IEEE Conference on Computer Vision and Pattern Recognition (CVPR)},
	Month = {June},
	Title = {Fully Convolutional Networks for Semantic Segmentation},
	Year = {2015}}

@inproceedings{resnet,
	Author = {He, Kaiming and Zhang, Xiangyu and Ren, Shaoqing and Sun, Jian},
	Booktitle = {The IEEE Conference on Computer Vision and Pattern Recognition (CVPR)},
	Month = {June},
	Title = {Deep Residual Learning for Image Recognition},
	Year = {2016}}

@article{vgg,
	Author = {Simonyan, Karen and Zisserman, Andrew},
	Journal = {arXiv 1409.1556},
	Month = {09},
	Title = {Very Deep Convolutional Networks for Large-Scale Image Recognition},
	Year = {2014}}

@@article{deeplab,
  author    = {Liang{-}Chieh Chen and
               Yukun Zhu and
               George Papandreou and
               Florian Schroff and
               Hartwig Adam},
  title     = {Encoder-Decoder with Atrous Separable Convolution for Semantic Image
               Segmentation},
  journal   = {CoRR},
  volume    = {abs/1802.02611},
  year      = {2018},
  url       = {http://arxiv.org/abs/1802.02611},
  archivePrefix = {arXiv},
  eprint    = {1802.02611},
  timestamp = {Mon, 13 Aug 2018 16:47:38 +0200},
  biburl    = {https://dblp.org/rec/bib/journals/corr/abs-1802-02611},
  bibsource = {dblp computer science bibliography, https://dblp.org}
}

@article{pspnet,
  author    = {Hengshuang Zhao and
               Jianping Shi and
               Xiaojuan Qi and
               Xiaogang Wang and
               Jiaya Jia},
  title     = {Pyramid Scene Parsing Network},
  journal   = {CoRR},
  volume    = {abs/1612.01105},
  year      = {2016},
  url       = {http://arxiv.org/abs/1612.01105},
  archivePrefix = {arXiv},
  eprint    = {1612.01105},
  timestamp = {Mon, 13 Aug 2018 16:47:16 +0200},
  biburl    = {https://dblp.org/rec/bib/journals/corr/ZhaoSQWJ16},
  bibsource = {dblp computer science bibliography, https://dblp.org}
}

@inproceedings{ethobelix,
	Author = {Maye, J{\'e}r{\^o}me and Kaestner, Ralf and Siegwart, Roland},
	Booktitle = {Proceedings - IEEE International Conference on Robotics and Automation},
	Doi = {10.1109/ICRA.2012.6224593},
	Month = {05},
	Title = {Curb Detection for a Pedestrian Robot in Urban Environments},
	Year = {2012},
	Bdsk-Url-1 = {https://doi.org/10.1109/ICRA.2012.6224593}}

@article{zipcode,
 author = {LeCun, Y. and Boser, B. and Denker, J. S. and Henderson, D. and Howard, R. E. and Hubbard, W. and Jackel, L. D.},
 title = {Backpropagation Applied to Handwritten Zip Code Recognition},
 journal = {Neural Comput.},
 issue_date = {Winter 1989},
 volume = {1},
 number = {4},
 month = dec,
 year = {1989},
 issn = {0899-7667},
 pages = {541--551},
 numpages = {11},
 url = {http://dx.doi.org/10.1162/neco.1989.1.4.541},
 doi = {10.1162/neco.1989.1.4.541},
 acmid = {1351090},
 publisher = {MIT Press},
 address = {Cambridge, MA, USA},
} 

@article{coco,
  author    = {Tsung{-}Yi Lin and
               Michael Maire and
               Serge J. Belongie and
               Lubomir D. Bourdev and
               Ross B. Girshick and
               James Hays and
               Pietro Perona and
               Deva Ramanan and
               Piotr Doll{\'{a}}r and
               C. Lawrence Zitnick},
  title     = {Microsoft {COCO:} Common Objects in Context},
  journal   = {CoRR},
  volume    = {abs/1405.0312},
  year      = {2014},
  url       = {http://arxiv.org/abs/1405.0312},
  archivePrefix = {arXiv},
  eprint    = {1405.0312},
  timestamp = {Mon, 13 Aug 2018 16:48:13 +0200},
  biburl    = {https://dblp.org/rec/bib/journals/corr/LinMBHPRDZ14},
  bibsource = {dblp computer science bibliography, https://dblp.org}
}

@Article{pascal, 
   author = "Everingham, M. and Eslami, S. M. A. and Van~Gool, L. and Williams, C. K. I. and Winn, J. and Zisserman, A.", 
   title = "The Pascal Visual Object Classes Challenge: A Retrospective", 
   journal = "International Journal of Computer Vision", 
   volume = "111", 
   year = "2015", 
   number = "1", 
   month = jan, 
   pages = "98--136", 
} 

@inproceedings{cityscapes,
title={The Cityscapes Dataset for Semantic Urban Scene Understanding},
author={Cordts, Marius and Omran, Mohamed and Ramos, Sebastian and Rehfeld, Timo and Enzweiler, Markus and Benenson, Rodrigo and Franke, Uwe and Roth, Stefan and Schiele, Bernt},
booktitle={Proc. of the IEEE Conference on Computer Vision and Pattern Recognition (CVPR)},
year={2016}
}